<record><leader>00000cas a22000007a 4500</leader><controlfield tag="001">34186211</controlfield><controlfield tag="008">960214d187u1875vauwr ne      0    0eng d</controlfield><datafield ind1=" " ind2=" " tag="010"><subfield code="a">sn 96096509 </subfield></datafield><datafield ind1=" " ind2=" " tag="040"><subfield code="a">NVK</subfield><subfield code="b">eng</subfield><subfield code="c">NVK</subfield><subfield code="d">OCLCQ</subfield><subfield code="d">OCLCF</subfield><subfield code="d">OCLCO</subfield></datafield><datafield ind1="1" ind2=" " tag="029"><subfield code="a">AU@</subfield><subfield code="b">000025923742</subfield></datafield><datafield ind1=" " ind2=" " tag="042"><subfield code="a">msc</subfield></datafield><datafield ind1=" " ind2=" " tag="043"><subfield code="a">n-us-va</subfield></datafield><datafield ind1="0" ind2=" " tag="130"><subfield code="a">Southside Virginian (Boydton, Va.)</subfield></datafield><datafield ind1="1" ind2="4" tag="245"><subfield code="a">The Southside Virginian.</subfield></datafield><datafield ind1=" " ind2=" " tag="260"><subfield code="a">Boydton and Christiansville, Va. :</subfield><subfield code="b">Baptist, Finch &amp; Co.</subfield></datafield><datafield ind1=" " ind2=" " tag="300"><subfield code="a">v.</subfield></datafield><datafield ind1=" " ind2=" " tag="310"><subfield code="a">Weekly</subfield></datafield><datafield ind1="1" ind2=" " tag="362"><subfield code="a">Ceased in 1875.</subfield><subfield code="z">Cf. Cappon. L.J. Va. Newspapers.</subfield></datafield><datafield ind1=" " ind2=" " tag="500"><subfield code="a">Christiansville became Chase City in 1870.</subfield></datafield><datafield ind1=" " ind2=" " tag="500"><subfield code="a">"Originally established A.D. 1853."</subfield></datafield><datafield ind1=" " ind2=" " tag="500"><subfield code="a">Boydton and Chase City, &lt;Apr. 24, 1873-&gt;; Chase City, &lt;Jan. 17, 1875-&gt;</subfield></datafield><datafield ind1=" " ind2=" " tag="588"><subfield code="a">Description based on: Vol. 19, no. (Feb. 20, 1872).</subfield></datafield><datafield ind1=" " ind2="0" tag="651"><subfield code="a">Boydton (Va.)</subfield><subfield code="v">Newspapers.</subfield></datafield><datafield ind1=" " ind2="7" tag="655"><subfield code="a">Newspapers.</subfield><subfield code="2">fast</subfield><subfield code="0">(OCoLC)fst01423814</subfield></datafield><datafield ind1=" " ind2="7" tag="651"><subfield code="a">Virginia</subfield><subfield code="z">Boydton.</subfield><subfield code="2">fast</subfield><subfield code="0">(OCoLC)fst01868450</subfield></datafield><datafield ind1=" " ind2=" " tag="752"><subfield code="a">United States</subfield><subfield code="b">Virginia</subfield><subfield code="c">Mecklenburg</subfield><subfield code="d">Boydton.</subfield></datafield><datafield ind1="0" ind2="0" tag="780"><subfield code="t">Mecklenburg sentinel</subfield><subfield code="w">(DLC)sn 98068070</subfield></datafield></record>